<record><leader>00000cas a22000007  4500</leader><controlfield tag="001">6706692</controlfield><controlfield tag="008">800913c19769999wiuwr ne      0   a0eng d</controlfield><datafield ind1=" " ind2=" " tag="010"><subfield code="a">sn 84025857 </subfield></datafield><datafield ind1=" " ind2=" " tag="040"><subfield code="a">GZN</subfield><subfield code="b">eng</subfield><subfield code="c">GZN</subfield><subfield code="d">MUL</subfield><subfield code="d">NPV</subfield><subfield code="d">OCL</subfield><subfield code="d">CUS</subfield><subfield code="d">OCLCF</subfield><subfield code="d">OCLCO</subfield></datafield><datafield ind1="1" ind2=" " tag="029"><subfield code="a">AU@</subfield><subfield code="b">000025838407</subfield></datafield><datafield ind1=" " ind2=" " tag="042"><subfield code="a">msc</subfield></datafield><datafield ind1=" " ind2=" " tag="043"><subfield code="a">n-us-wi</subfield></datafield><datafield ind1=" " ind2=" " tag="045"><subfield code="a">x7--</subfield></datafield><datafield ind1=" " ind2=" " tag="052"><subfield code="a">4123</subfield><subfield code="b">M6</subfield></datafield><datafield ind1=" " ind2=" " tag="090"><subfield code="a">E185.5</subfield><subfield code="b">.M5x</subfield></datafield><datafield ind1="0" ind2=" " tag="130"><subfield code="a">Milwaukee star (Milwaukee, Wis. : 1976)</subfield></datafield><datafield ind1="0" ind2="4" tag="245"><subfield code="a">The Milwaukee star.</subfield></datafield><datafield ind1="1" ind2="0" tag="246"><subfield code="a">Star</subfield></datafield><datafield ind1=" " ind2=" " tag="260"><subfield code="a">Milwaukee, Wis. :</subfield><subfield code="b">Courier Communications Corp.,</subfield><subfield code="c">1976-</subfield></datafield><datafield ind1=" " ind2=" " tag="300"><subfield code="a">v. :</subfield><subfield code="b">ill. ;</subfield><subfield code="c">42 cm.</subfield></datafield><datafield ind1=" " ind2=" " tag="310"><subfield code="a">Weekly</subfield></datafield><datafield ind1="0" ind2=" " tag="362"><subfield code="a">Vol. 17, no. 4 (Oct. 7, 1976)-</subfield></datafield><datafield ind1=" " ind2=" " tag="500"><subfield code="a">"A division of the Milwaukee Star Times, Inc."</subfield></datafield><datafield ind1=" " ind2=" " tag="515"><subfield code="a">Irregular numbering: issues for &lt;1980-&gt; called &lt;v. 3-&gt;</subfield></datafield><datafield ind1=" " ind2=" " tag="521"><subfield code="a">"Black."  Cf. Black periodicals and newspapers.</subfield></datafield><datafield ind1=" " ind2=" " tag="580"><subfield code="a">Issues for Aug. 4, Sept. 15, Oct. 13, Dec. 8, 1977, Feb. 9, 1978, accompanied by supplement with title Stepp'n' out.</subfield></datafield><datafield ind1=" " ind2="0" tag="650"><subfield code="a">African Americans</subfield><subfield code="z">Wisconsin</subfield><subfield code="z">Milwaukee</subfield><subfield code="v">Newspapers.</subfield></datafield><datafield ind1=" " ind2="0" tag="651"><subfield code="a">Milwaukee (Wis.)</subfield><subfield code="v">Newspapers.</subfield></datafield><datafield ind1=" " ind2="7" tag="655"><subfield code="a">Newspapers.</subfield><subfield code="2">fast</subfield><subfield code="0">(OCoLC)fst01423814</subfield></datafield><datafield ind1=" " ind2="7" tag="650"><subfield code="a">African Americans.</subfield><subfield code="2">fast</subfield><subfield code="0">(OCoLC)fst00799558</subfield></datafield><datafield ind1=" " ind2="7" tag="651"><subfield code="a">Wisconsin</subfield><subfield code="z">Milwaukee.</subfield><subfield code="2">fast</subfield><subfield code="0">(OCoLC)fst01206626</subfield></datafield><datafield ind1=" " ind2=" " tag="752"><subfield code="a">United States</subfield><subfield code="b">Wisconsin</subfield><subfield code="c">Milwaukee</subfield><subfield code="d">Milwaukee.</subfield></datafield><datafield ind1="1" ind2=" " tag="770"><subfield code="t">Stepp'n' out</subfield><subfield code="w">(OCoLC)4208999</subfield></datafield><datafield ind1="0" ind2="0" tag="780"><subfield code="t">Milwaukee star-times</subfield><subfield code="w">(DLC)sn 84025856</subfield><subfield code="w">(OCoLC)10470029</subfield></datafield></record>